<mjloggm ver="2.3"><GO type="169"/><UN n0="%45%58%41%4D%50%4C%45" n1="%45%58%41%4D%50%4C%45%34" n2="%45%58%41%4D%50%4C%45%32" n3="%45%58%41%4D%50%4C%45%33" dan="0,0,0,0" rate="1500,1500,1500,1500" sx="C,C,C,C"/><TAIKYOKU oya="0"/><INIT seed="0,0,0,1,5,85" ten="250,250,250,250" oya="0" hai0="61,133,7,126,115,79,92,88,28,44,49,73,36" hai1="46,51,116,47,5,102,130,70,103,106,100,30,26" hai2="84,67,63,37,11,57,97,35,59,64,113,33,48" hai3="34,129,108,52,1,4,68,90,107,82,39,42,109" shuffle="mt19937ar,9F6159D2,939AE9BC,77EAF23B,A8094801,ADB96FC6,04FB33E6,593B4725,4918CF8C"/><T53/><D133/><U25/><E116/><V54/><F37/><W65/><G34/><T121/><D121/><U134/><E134/><V6/><F35/><W104/><G104/><T81/><D126/><U18/><E130/><V132/><F132/><W31/><G129/><T117/><D117/><U66/><E70/><V19/><F113/><W75/><G75/><T124/><D124/><U112/><E112/><V135/><F135/><W98/><G108/><T58/><D115/><U122/><E122/><V71/><F71/><W127/><G127/><T110/><D110/><U10/><E106/><V24/><F33/><W96/><G1/><T87/><D73/><U99/><E10/><V23/><F24/><W111/><G111/><T101/><D36/><U93/><E99/><V123/><F123/><W17/><G68/><T3/><D3/><U55/><E93/><V43/><F23/><W120/><G120/><T128/><D128/><U14/><E55/><V91/><F43/><W9/><G107/><T74/><D74/><U76/><E14/><V105/><F105/><W62/><G39/><T45/><D101/><U131/><E131/><V95/><F91/><W22/><G109/><T94/><D45/><U118/><E118/><V50/><F95/><W32/><G32/><T60/><D94/><U20/><E76/><V77/><F50/><W83/><G22/><T8/><D60/><U27/><E20/><V29/><F77/><W38/><G38/><T72/><D72/><U21/><E27/><V119/><F119/><W86/><G83/><T80/><D8/><U13/><E21/><RYUUKYOKU ba="0,0" sc="250,0,250,0,250,0,250,0" /><INIT seed="1,1,0,2,4,134" ten="250,250,250,250" oya="1" hai0="36,39,53,131,30,67,52,18,123,129,13,50,135" hai1="66,35,70,24,43,99,71,4,130,87,9,75,48" hai2="109,108,80,3,21,118,93,96,117,49,12,57,125" hai3="41,101,83,32,90,14,88,113,40,122,25,63,29" shuffle="mt19937ar,8E322B06,89DFDCB1,BB46D19B,1B4B111B,B1302C98,DAD08104,4C247A08,343806A7"/><U1/><E1/><V10/><F109/><W111/><G111/><T107/><D107/><U64/><E35/><V95/><F108/><W73/><G73/><T0/><D0/><U110/><E110/><V15/><F3/><W91/><G32/><T54/><D36/><U31/><E70/><V114/><F114/><W51/><G113/><T44/><D39/><U115/><E115/><V103/><F118/><W86/><G122/><T68/><D68/><U62/><E71/><V128/><F128/><W23/><G86/><T79/><D131/><U105/><E105/><V46/><F117/><W42/><G23/><T55/><D123/><U97/><E130/><V85/><F125/><W106/><G106/><T126/><D126/><U20/><E75/><V89/><F85/><W74/><G74/><T132/><D132/><U22/><E20/><V69/><F69/><W77/><G42/><T119/><D119/><U120/><E120/><V7/><F89/><W37/><G37/><T47/><D129/><U124/><E124/><V61/><F7/><W104/><G104/><T8/><D135/><U45/><E22/><V94/><F61/><W19/><G77/><T84/><D8/><U33/><E33/><V92/><F94/><W98/><G19/><T78/><D84/><U60/><E45/><V65/><F92/><W102/><G98/><T81/><D78/><U76/><E60/><V2/><F2/><W133/><G133/><T38/><D38/><U56/><E76/><V6/><F65/><W59/><G102/><T11/><D81/><U121/><E121/><V100/><F6/><RYUUKYOKU ba="1,0" sc="250,0,250,0,250,0,250,0" /><INIT seed="2,2,0,3,1,27" ten="250,250,250,250" oya="2" hai0="128,68,11,109,28,95,12,51,126,16,108,116,69" hai1="9,42,98,48,67,10,57,66,20,88,44,132,6" hai2="33,36,133,81,80,5,72,83,129,60,58,35,124" hai3="43,123,54,79,114,125,117,21,41,49,45,8,17" shuffle="mt19937ar,EF5FD004,9689C5DD,8862B5C7,C69073D6,9DC48931,CE09E115,432A3D26,13DE98BF"/><V99/><F33/><W55/><G123/><T100/><D128/><U119/><E119/><V0/><F0/><W87/><G114/><T113/><D113/><U89/><E132/><V73/><F73/><W130/><G130/><T13/><D68/><U52/><E89/><V85/><F36/><W70/><G70/><T76/><D109/><U118/><E118/><V105/><F105/><W39/><G39/><T90/><D126/><U23/><E52/><V120/><F120/><W46/><G125/><T131/><D131/><U91/><E23/><V127/><F127/><W4/><G117/><T2/><D2/><U77/><E91/><V62/><F133/><W26/><G4/><T64/><D108/><U53/><E77/><V115/><F115/><W94/><G26/><T38/><D38/><U29/><E53/><V75/><F75/><W110/><G110/><T82/><D116/><U65/><E29/><V19/><F72/><W78/><G94/><T7/><D69/><U31/><E65/><V121/><F121/><W1/><G1/><T24/><D7/><U107/><E107/><V15/><F129/><W25/><G78/><T3/><D3/><U135/><E135/><V61/><F35/><W47/><G25/><T40/><D24/><U106/><E106/><V86/><F124/><W84/><G47/><T56/><D40/><U97/><E31/><V112/><F112/><W30/><G84/><T104/><D104/><U34/><E34/><V32/><F32/><W102/><G30/><T122/><D122/><U96/><E97/><V111/><F111/><W103/><G102/><RYUUKYOKU type="nm" ba="2,0" sc="250,-40,250,-40,250,120,250,-40" /><INIT seed="3,3,0,4,5,20" ten="210,210,370,210" oya="3" hai0="56,106,27,74,9,17,59,107,100,7,21,90,12" hai1="105,42,108,57,36,52,44,134,116,45,111,5,79" hai2="22,41,70,95,122,11,82,103,92,110,81,53,28" hai3="78,64,109,4,84,135,50,73,119,30,133,93,18" shuffle="mt19937ar,10E1EFAD,448EDD5F,B6FD98B6,A7E2E3EA,20E64D93,FB3F83CB,81438F92,1B250194"/><W115/><G115/><T77/><D106/><U120/><E120/><V14/><F70/><W96/><G109/><T131/><D131/><U24/><E105/><V51/><F122/><W2/><G2/><T112/><D112/><U65/><E108/><V49/><F110/><W127/><G127/><T35/><D35/><U38/><E38/><V97/><F49/><W8/><G135/><T26/><D74/><U94/><E36/><V113/><F113/><W67/><G73/><T16/><D107/><U85/><E134/><V37/><F37/><W98/><G119/><T87/><D16/><U31/><E116/><V43/><F97/><W34/><G34/><T104/><D104/><U3/><E3/><V0/><F0/><W6/><G133/><T66/><D87/><U114/><E114/><V62/><F43/><W102/><G6/><T54/><D66/><U32/><E32/><V33/><F33/><W71/><G71/><T47/><D54/><U132/><E132/><V80/><F62/><W76/><G102/><T124/><D124/><U29/><E111/><V55/><F80/><W25/><G76/><T48/><D47/><U121/><E121/><V128/><F128/><W91/><G25/><T72/><D72/><U63/><E29/><V75/><F75/><W123/><G123/><T58/><D48/><U13/><E63/><V19/><F55/><W1/><G1/><T130/><D130/><U99/><E13/><V88/><F19/><W23/><G91/><T60/><D58/><U15/><E99/><V83/><F88/><W40/><G23/><T46/><D60/><RYUUKYOKU ba="3,0" sc="210,0,210,0,370,0,210,0" /><INIT seed="4,4,0,3,4,75" ten="210,210,370,210" oya="0" hai0="55,71,25,24,30,80,85,31,67,110,123,22,81" hai1="94,58,135,9,120,14,6,117,8,42,122,78,111" hai2="50,23,52,15,65,91,100,44,87,92,72,13,124" hai3="40,126,99,19,54,121,34,125,18,128,49,36,119" shuffle="mt19937ar,D3CAA9F7,B75A2455,EEF08AC7,C78993FF,6E644950,75157846,D48B187E,AD7EFF67"/><T61/><D71/><U46/><E135/><V17/><F72/><W20/><G126/><T112/><D112/><U41/><E120/><V73/><F73/><W84/><G121/><T11/><D110/><U96/><E117/><V0/><F0/><W38/><G38/><T118/><D118/><U1/><E1/><V5/><F124/><W39/><G39/><T102/><D123/><U105/><E105/><V101/><F5/><W86/><G34/><T90/><D102/><U79/><E122/><V103/><F101/><W116/><G116/><T32/><D32/><U26/><E111/><V21/><F103/><W3/><G3/><T29/><D90/><U45/><E26/><V115/><F115/><W109/><G109/><T114/><D114/><U127/><E127/><V60/><F21/><W68/><G68/><T77/><D29/><U47/><E45/><V106/><F106/><W113/><G113/><T16/><D77/><U131/><E131/><V48/><F60/><W69/><G69/><T89/><D16/><U130/><E130/><V28/><F48/><W53/><G125/><T129/><D129/><U63/><E47/><V35/><F35/><W64/><G128/><T88/><D89/><U132/><E132/><V4/><F28/><W51/><G36/><T108/><D108/><U57/><E63/><V7/><F4/><W33/><G33/><T43/><D88/><U97/><E57/><V62/><F7/><W56/><G119/><T37/><D37/><U134/><E134/><V98/><F62/><W76/><G56/><T82/><D43/><U133/><E133/><RYUUKYOKU ba="4,0" sc="210,0,210,0,370,0,210,0" /><INIT seed="5,5,0,4,2,102" ten="210,210,370,210" oya="1" hai0="108,59,91,71,5,134,12,19,64,17,128,76,84" hai1="126,95,51,28,34,98,119,110,33,120,3,92,109" hai2="7,38,106,83,10,89,8,124,25,2,69,94,16" hai3="47,75,113,22,63,90,56,55,88,27,86,53,104" shuffle="mt19937ar,F09C6377,691FD5CD,7FB35458,705FE6F2,19B4DB20,4FFE99BB,38862664,9BAAE448"/><U72/><E72/><V132/><F132/><W35/><G35/><T129/><D129/><U73/><E73/><V127/><F127/><W45/><G75/><T103/><D108/><U60/><E126/><V115/><F115/><W114/><G114/><T58/><D71/><U62/><E34/><V4/><F38/><W57/><G113/><T80/><D134/><U40/><E119/><V29/><F106/><W48/><G104/><T54/><D128/><U6/><E110/><V123/><F123/><W130/><G130/><T13/><D54/><U67/><E33/><V79/><F124/><W65/><G48/><T49/><D13/><U41/><E120/><V52/><F2/><W77/><G65/><T133/><D133/><U36/><E36/><V122/><F122/><W99/><G77/><T32/><D32/><U70/><E70/><V15/><F69/><W107/><G107/><T44/><D49/><U9/><E3/><V117/><F117/><W82/><G99/><T18/><D44/><U78/><E109/><V14/><F15/><W68/><G68/><T112/><D112/><U121/><E121/><V43/><F14/><W30/><G82/><T26/><D18/><U87/><E78/><V105/><F105/><W118/><G118/><T20/><D26/><U85/><E87/><V135/><F135/><W11/><G30/><T42/><D20/><U101/><E85/><V66/><F43/><W97/><G11/><T31/><D42/><U81/><E101/><V1/><F1/><W96/><G97/><T21/><D31/><U24/><E81/><V37/><F37/><RYUUKYOKU ba="5,0" sc="210,0,210,0,370,0,210,0" /><INIT seed="6,6,0,3,3,3" ten="210,210,370,210" oya="2" hai0="72,96,90,106,25,49,14,55,121,92,97,44,15" hai1="42,134,56,123,130,73,105,132,81,57,19,109,88" hai2="6,33,122,61,113,41,16,103,129,18,118,69,112" hai3="63,32,54,31,2,46,98,76,26,30,127,93,9" shuffle="mt19937ar,BDCB7E20,DD37C4EC,19A5FD91,C3B62AD1,1FCF41A9,580410D4,0F41B578,DE563963"/><V62/><F33/><W45/><G32/><T59/><D72/><U36/><E36/><V68/><F68/><W48/><G2/><T78/><D106/><U24/><E134/><V4/><F122/><W58/><G127/><T101/><D121/><U77/><E123/><V38/><F38/><W23/><G58/><T40/><D101/><U52/><E130/><V86/><F113/><W99/><G23/><T7/><D40/><U111/><E111/><V87/><F129/><W108/><G108/><T60/><D7/><U84/><E73/><V22/><F118/><W120/><G120/><T43/><D60/><U47/><E105/><V28/><F69/><W51/><G99/><T114/><D114/><U17/><E132/><V104/><F104/><W82/><G51/><T119/><D119/><U34/><E34/><V27/><F112/><W64/><G82/><T135/><D135/><U11/><E109/><V65/><F27/><W29/><G64/><T95/><D43/><U131/><E131/><V85/><F65/><W53/><G29/><T110/><D110/><U100/><E11/><V74/><F74/><W133/><G133/><T125/><D125/><U5/><E100/><V37/><F37/><W20/><G53/><T128/><D128/><U21/><E5/><V80/><F85/><W75/><G75/><T66/><D95/><U71/><E71/><V83/><F80/><W0/><G0/><T79/><D66/><U117/><E117/><V1/><F1/><W50/><G20/><T12/><D79/><U126/><E126/><V102/><F83/><W91/><G50/><RYUUKYOKU ba="6,0" sc="210,0,210,0,370,0,210,0" /><INIT seed="7,7,0,5,2,109" ten="210,210,370,210" oya="3" hai0="119,124,83,92,98,91,56,57,78,88,25,18,60" hai1="52,8,58,130,67,71,100,102,10,105,35,121,135" hai2="111,77,117,5,96,90,54,87,9,113,104,51,127" hai3="108,31,89,3,43,49,107,80,125,122,69,13,19" shuffle="mt19937ar,30CA479A,9CD2F2BA,AE9ED984,5E227104,AD723B88,43CA0E14,72813FB1,1216A88E"/><W12/><G108/><T45/><D119/><U2/><E2/><V38/><F38/><W44/><G3/><T30/><D124/><U131/><E131/><V132/><F132/><W76/><G107/><T22/><D30/><U36/><E36/><V46/><F111/><W79/><G125/><T103/><D22/><U21/><E130/><V47/><F117/><W23/><G122/><T82/><D103/><U116/><E116/><V81/><F113/><W93/><G69/><T68/><D68/><U11/><E71/><V15/><F104/><W73/><G73/><T85/><D82/><U42/><E105/><V84/><F127/><W126/><G126/><T4/><D85/><U94/><E35/><V101/><F84/><W53/><G93/><T70/><D70/><U97/><E121/><V115/><F115/><W7/><G53/><T1/><D1/><U33/><E33/><V14/><F101/><W123/><G123/><T17/><D4/><U106/><E106/><V55/><F14/><W16/><G7/><T20/><D17/><U28/><E135/><V120/><F120/><W39/><G39/><T118/><D118/><U133/><E133/><V65/><F55/><W37/><G37/><T59/><D20/><U34/><E34/><V66/><F65/><W6/><G16/><T129/><D129/><U110/><E110/><V74/><F74/><W99/><G6/><T29/><D59/><U41/><E28/><V48/><F66/><W72/><G72/><T61/><D29/><U134/><E134/><V0/><F0/><W32/><G32/><T27/><D61/><RYUUKYOKU ba="7,0" sc="210,0,210,0,370,0,210,0" owari="210,1,210,-19,370,47,210,-29" /></mjloggm>